%% This BibTeX bibliography file was created using BibDesk.
%% http://bibdesk.sourceforge.net/

%% Created for Yann Monerie at 2018-02-02 13:31:07 +0100 


%% Saved with string encoding Unicode (UTF-8) 



@techreport{Karb_et_al_KFK_1983,
	Date-Added = {2018-02-01 16:33:08 +0000},
	Date-Modified = {2018-02-01 16:33:08 +0000},
	Institution = {Kernforschungszentrum Karlsruhe},
	Number = {3346},
	Title = {LWR fuel rod behavior in the FR2 in-pile tests simulating the heatup phase of a LOCA},
	Year = {1983}}

@incollection{Moreau1988,
	Adress = {Wien},
	Author = {Moreau, J.J.},
	Booktitle = {Nonsmooth {M}echanics and {A}pplications},
	Date-Added = {2018-02-01 16:32:44 +0000},
	Date-Modified = {2018-02-02 12:30:22 +0000},
	Editor = {Moreau, J.J. and Panagiotopoulos, P.D.},
	Pages = {1-82},
	Publisher = {CISM 302, Spinger Verlag},
	Title = {Unilateral contact and dry friction in finite freedom dynamics},
	Year = 1988}

@book{maxwell_1873,
	Author = {Maxwell, J.C.},
	Date-Added = {2018-02-01 16:30:47 +0000},
	Date-Modified = {2018-02-01 16:30:47 +0000},
	Publisher = {Clarendon Press, Oxford},
	Title = {Treatise on Electricity and magnetism},
	Year = {1873}}

@article{grange_et_al_IJF_2000,
	Author = {Grange, M. and Besson, J. and Andrieu, E.},
	Date-Added = {2018-02-01 16:30:37 +0000},
	Date-Modified = {2018-02-01 16:30:37 +0000},
	Journal = {International Journal of Fracture},
	Pages = {273-293},
	Title = {An anisotropic Gurson type model to represent the ductile rupture of hydrided {Z}ircaloy-4 sheets},
	Volume = 105,
	Year = 2000}
